@inproceedings{dabbish2012social,
  author      = {L. Dabbish and C. Stuart and J. Tsay and J. Herbsleb},
  title       = {Social coding in {GitHub}: Transparency and collaboration in an open software repository},
  booktitle   = {International Conference on Computer Supported Cooperative Work (CSCW)},
  year        = {2012},
  organization= {ACM},
  pages       = {1277--1286}
}

@article{saroar2023developers,
  author      = {S. Saroar and M. Nayebi},
  title       = {Developers' perception of {GitHub Actions}: A survey analysis},
  journal     = {IEEE Software},
  year        = {2023}
}

@online{github2023octoverse,
  author      = {{GitHub}},
  title       = {{Octoverse}: The state of open source and rise of AI in 2023},
  year        = {2023},
  url         = {https://octoverse.github.com}
}

@inproceedings{decan2022use,
  author      = {A. Decan and T. Mens and P. Mazrae and Golzadeh, M.},
  title       = {On the use of {GitHub Actions} in software development repositories},
  booktitle   = {2022 IEEE International Conference on Software Maintenance and Evolution (ICSME)},
  year        = {2022},
  pages       = {235--245}
}

@inproceedings{decan2018evolution,
  author      = {A. Decan and T. Mens and E. Constantinou},
  title       = {On the evolution of technical lag in the npm package dependency network},
  booktitle   = {IEEE International Conference on Software Maintenance and Evolution (ICSME)},
  year        = {2018},
  pages       = {404--414}
}

@article{cogo2021deprecation,
  author      = {F. Cogo and G. Oliva and A. E. Hassan},
  title       = {Deprecation of packages and releases in software ecosystems: A case study on npm},
  journal     = {IEEE Transactions on Software Engineering},
  year        = {2021}
}

@article{decan2019empirical,
  author      = {A. Decan and T. Mens and P. Grosjean},
  title       = {An empirical comparison of dependency network evolution in seven software packaging ecosystems},
  journal     = {Empirical Software Engineering},
  volume      = {24},
  number      = {1},
  pages       = {381--416},
  year        = {2019}
}

@article{soto2021comprehensive,
  author      = {C. Soto-Valero and N. Harrand and M. Monperrus and B. Baudry},
  title       = {A comprehensive study of bloated dependencies in the Maven ecosystem},
  journal     = {Empirical Software Engineering},
  volume      = {26},
  number      = {3},
  pages       = {45},
  year        = {2021},
  note        = {[Online]. Available: https://doi.org/10.1007/s10664-020-09914-8}
}

@article{decan2019package,
  author      = {A. Decan and T. Mens},
  title       = {What do package dependencies tell us about semantic versioning?},
  journal     = {IEEE Transactions on Software Engineering},
  volume      = {47},
  number      = {6},
  pages       = {1226--1240},
  year        = {2019}
}

@inproceedings{dietrich2019dependency,
  author      = {J. Dietrich and D. Pearce and J. Stringer and A. Tahir and K. Blincoe},
  title       = {Dependency versioning in the wild},
  booktitle   = {16th International Conference on Mining Software Repositories (MSR)},
  year        = {2019},
  pages       = {349--359}
}

@inproceedings{decan2018impact,
  author      = {A. Decan and T. Mens and E. Constantinou},
  title       = {On the impact of security vulnerabilities in the npm package dependency network},
  booktitle   = {15th international conference on mining software repositories},
  year        = {2018},
  pages       = {181--191}
}

@inproceedings{zimmermann2019small,
  author      = {M. Zimmermann and C.-A. Staicu and C. Tenny and M. Pradel},
  title       = {Small world with high risks: A study of security threats in the npm ecosystem},
  booktitle   = {28th USENIX Security Symposium},
  year        = {2019},
  pages       = {995--1010}
}

@article{kula2018developers,
  author      = {R. G. Kula and D. M. German and A. Ouni and T. Ishio and K. Inoue},
  title       = {Do developers update their library dependencies?},
  journal     = {Empirical Software Engineering},
  volume      = {23},
  number      = {1},
  pages       = {384--417},
  year        = {2018}
}

@incollection{chandrasekara2021getting,
  author      = {C. Chandrasekara and P. Herath},
  title       = {Getting Started with {GitHub Actions} Workflows},
  booktitle   = {Hands-on GitHub Actions},
  publisher   = {Springer},
  year        = {2021}
}

@inproceedings{golzadeh2021rise,
  author      = {M. Golzadeh and A. Decan and T. Mens},
  title       = {On the rise and fall of CI services in {GitHub}},
  booktitle   = {29th IEEE International Conference on Software Analysis, Evolution and Reengineering (SANER)},
  organization= {IEEE},
  year        = {2021}
}

@book{chandrasekara2021hands,
  author      = {C. Chandrasekara and P. Herath},
  title       = {Hands-on GitHub Actions: Implement CI/CD with {GitHub Action} Workflows for Your Applications},
  publisher   = {Apress},
  year        = {2021}
}

@inproceedings{cox2015measuring,
  author      = {J. Cox and E. Bouwers and M. van Eekelen and J. Visser},
  title       = {Measuring dependency freshness in software systems},
  booktitle   = {Int'l Conf. Software Engineering},
  publisher   = {IEEE Press},
  year        = {2015},
  pages       = {109--118}
}

@article{per2009guidelines,
  author      = {R. Per and M. H\"ost},
  title       = {Guidelines for conducting and reporting case study research in software engineering},
  journal     = {Empirical Software Engineering},
  volume      = {14},
  number      = {2},
  year        = {2009},
  pages       = {131}
}

@techreport{linaker2013guidelines,
  author      = {J. Lin\textordmasculine{}aker and S. Sulaman and M. H\"ost},
  title       = {Guidelines for Conducting Surveys in Software Engineering},
  institution = {Version 1.1},
  year        = {2013}
}

@inproceedings{chaturvedi2013tools,
  author      = {K. K. Chaturvedi and V. B. Sing and P. Singh},
  title       = {Tools in Mining Software Repositories},
  booktitle   = {Proceedings of the 2013},
  year        = {2013}
}

@inproceedings{koishybayev2022characterizing,
  author      = {I. Koishybayev and A. Nahapetyan and R. Zachariah and S. Muralee and B. Reaves and A. Kapravelos and A. Machiry},
  title       = {Characterizing the Security of Github CI Workflows},
  booktitle   = {USENIX Security},
  year        = {2022}
}

@inproceedings{valenzuela2022evolution,
  author      = {P. Valenzuela-Toledo and A. Bergel},
  title       = {Evolution of GitHub Action Workflows},
  booktitle   = {2022 IEEE International Conference on Software Analysis, Evolution and Reengineering (SANER)},
  year        = {2022},
  pages       = {123--127}
}