
@inproceedings{dabbish2012social,
  author      = {L. Dabbish and C. Stuart and J. Tsay and J. Herbsleb},
  title       = {Social coding in {GitHub}: Transparency and collaboration in an open software repository},
  booktitle   = {International Conference on Computer Supported Cooperative Work (CSCW)},
  year        = {2012},
  organization= {ACM},
  pages       = {1277--1286}
}

@article{saroar2023developers,
  author      = {S. Saroar and M. Nayebi},
  title       = {Developers' perception of {GitHub Actions}: A survey analysis},
  journal     = {IEEE Software},
  year        = {2023}
}

@inproceedings{chen2021supercharge,
  author      = {T. Chen and Y. Zhang and S. Chen and T. Wang and Y. Wu},
  title       = {Let’s Supercharge the Workflows: An Empirical Study of GitHub Actions},
  booktitle     = {2021 IEEE 21st International Conference on Software Quality, Reliability and Security Companion (QRS-C)},
  year        = {2021}
}

@misc{github2023octoverse,
  author = "{GitHub}",
  title = "{Octoverse: The state of open source and rise of AI in 2023}",
  year = "2023",
  url = {https://github.blog/2023-11-08-the-state-of-open-source-and-ai},
  note= "[Accessed: March 15, 2024]"
}

@inproceedings{decan2022use,
  author      = {A. Decan and T. Mens and P. Mazrae and Golzadeh, M.},
  title       = {On the use of {GitHub Actions} in software development repositories},
  booktitle   = {2022 IEEE International Conference on Software Maintenance and Evolution (ICSME)},
  year        = {2022},
  pages       = {235--245}
}

@inproceedings{decan2018evolution,
  author      = {A. Decan and T. Mens and E. Constantinou},
  title       = {On the evolution of technical lag in the npm package dependency network},
  booktitle   = {IEEE International Conference on Software Maintenance and Evolution (ICSME)},
  year        = {2018},
  pages       = {404--414}
}

@article{cogo2021deprecation,
  author      = {F. Cogo and G. Oliva and A. E. Hassan},
  title       = {Deprecation of packages and releases in software ecosystems: A case study on npm},
  journal     = {IEEE Transactions on Software Engineering},
  year        = {2021}
}

@article{decan2019empirical,
  author      = {A. Decan and T. Mens and P. Grosjean},
  title       = {An empirical comparison of dependency network evolution in seven software packaging ecosystems},
  journal     = {Empirical Software Engineering},
  volume      = {24},
  number      = {1},
  pages       = {381--416},
  year        = {2019}
}

@article{soto2021comprehensive,
  author      = {C. Soto-Valero and N. Harrand and M. Monperrus and B. Baudry},
  title       = {A comprehensive study of bloated dependencies in the Maven ecosystem},
  journal     = {Empirical Software Engineering},
  volume      = {26},
  number      = {3},
  pages       = {45},
  year        = {2021},
  url        = {https://doi.org/10.1007/s10664-020-09914-8},
}

@article{decan2019package,
  author      = {A. Decan and T. Mens},
  title       = {What do package dependencies tell us about semantic versioning?},
  journal     = {IEEE Transactions on Software Engineering},
  volume      = {47},
  number      = {6},
  pages       = {1226--1240},
  year        = {2019}
}

@inproceedings{dietrich2019dependency,
  author      = {J. Dietrich and D. Pearce and J. Stringer and A. Tahir and K. Blincoe},
  title       = {Dependency versioning in the wild},
  booktitle   = {16th International Conference on Mining Software Repositories (MSR)},
  year        = {2019},
  pages       = {349--359}
}

@inproceedings{decan2018impact,
  author      = {A. Decan and T. Mens and E. Constantinou},
  title       = {On the impact of security vulnerabilities in the npm package dependency network},
  booktitle   = {15th international conference on mining software repositories},
  year        = {2018},
  pages       = {181--191}
}

@inproceedings{zimmermann2019small,
  author      = {M. Zimmermann and C.-A. Staicu and C. Tenny and M. Pradel},
  title       = {Small world with high risks: A study of security threats in the npm ecosystem},
  booktitle   = {28th USENIX Security Symposium},
  year        = {2019},
  pages       = {995--1010}
}

@article{kula2018developers,
  author      = {R. G. Kula and D. M. German and A. Ouni and T. Ishio and K. Inoue},
  title       = {Do developers update their library dependencies?},
  journal     = {Empirical Software Engineering},
  volume      = {23},
  number      = {1},
  pages       = {384--417},
  year        = {2018}
}

@incollection{chandrasekara2021getting,
  author      = {C. Chandrasekara and P. Herath},
  title       = {Getting Started with {GitHub Actions} Workflows},
  booktitle   = {Hands-on GitHub Actions},
  publisher   = {Springer},
  year        = {2021}
}

@inproceedings{golzadeh2021rise,
  author      = {M. Golzadeh and A. Decan and T. Mens},
  title       = {On the rise and fall of CI services in {GitHub}},
  booktitle   = {29th IEEE International Conference on Software Analysis, Evolution and Reengineering (SANER)},
  organization= {IEEE},
  year        = {2021}
}

@book{chandrasekara2021hands,
  author      = {C. Chandrasekara and P. Herath},
  title       = {Hands-on GitHub Actions: Implement CI/CD with {GitHub Action} Workflows for Your Applications},
  publisher   = {Apress},
  year        = {2021}
}

@inproceedings{cox2015measuring,
  author      = {J. Cox and E. Bouwers and M. van Eekelen and J. Visser},
  title       = {Measuring dependency freshness in software systems},
  booktitle   = {Int'l Conf. Software Engineering},
  publisher   = {IEEE Press},
  year        = {2015},
  pages       = {109--118}
}

@article{per2009guidelines,
  author      = {R. Per and M. H\"ost},
  title       = {Guidelines for conducting and reporting case study research in software engineering},
  journal     = {Empirical Software Engineering},
  volume      = {14},
  number      = {2},
  year        = {2009},
  pages       = {131}
}

@techreport{linaker2013guidelines,
  author      = {J. Lin\textordmasculine{}aker and S. Sulaman and M. H\"ost},
  title       = {Guidelines for Conducting Surveys in Software Engineering},
  institution = {Version 1.1},
  year        = {2013}
}

@inproceedings{chaturvedi2013tools,
  author      = {K. K. Chaturvedi and V. B. Sing and P. Singh},
  title       = {Tools in Mining Software Repositories},
  booktitle   = {Proceedings of the 2013},
  year        = {2013}
}

@inproceedings{koishybayev2022characterizing,
  author      = {I. Koishybayev and A. Nahapetyan and R. Zachariah and S. Muralee and B. Reaves and A. Kapravelos and A. Machiry},
  title       = {Characterizing the Security of Github CI Workflows},
  booktitle   = {USENIX Security},
  year        = {2022}
}

@inproceedings{valenzuela2022evolution,
  author      = {P. Valenzuela-Toledo and A. Bergel},
  title       = {Evolution of GitHub Action Workflows},
  booktitle   = {2022 IEEE International Conference on Software Analysis, Evolution and Reengineering (SANER)},
  year        = {2022},
  pages       = {123--127}
}

@book{fowler2009survey,
  author={Fowler Jr, F. J.},
  title={Survey Research Methods},
  year={2009},
  publisher={Sage Publications}
}
@misc{Marof2024,
  author = {K. Marof and S. Sayed},
  title = {Exploring the factors and challenges in adopting GitHub Actions and its ecosystem},
  year = {2024},
  doi = {10.5281/zenodo.11268676},
  url = {https://doi.org/10.5281/zenodo.11268782}
}

@inproceedings{rigby2013understanding,
  author = {Rigby, P. C. and Storey, M. A.},
  title = {Understanding broadcast based peer review on a social coding site},
  booktitle = {Proceedings of the 2013 International Conference on Software Engineering},
  pages = {672--681},
  year = {2013}
}

@inproceedings{vetro2013modelbased,
  author = {Vetro, Antonio and Torchiano, Marco and Völter, Markus and Kolb, Bernd},
  title = {A model-based approach to language integration},
  year = {2013},
  month = {05},
  pages = {76-81},
  journal = {ICSE Workshop on Software Engineering for Adaptive and Self-Managing Systems},
  doi = {10.1109/MiSE.2013.6595300}
}

@misc{graysuit2024,
author = {graysuit},
title = {Upload files with specific file extensions},
url = {https://github.com//orgs/community/discussions/27087},
year = {2024},
note = {[Accessed: 24-May-2024]}
}
@misc{philomory2024,
author = {philomory},
title = {Organization-wide Environments and Environment Secrets},
url = {https://github.com//orgs/community/discussions/15379},
year = {2024},
note = {[Accessed: 24-May-2024]}
}

@misc{robozevel2024,
author = {robozevel},
title = {Allowing github-actions[bot] to push to protected branch},
url = {https://github.com//orgs/community/discussions/25305},
year = {2024},
note = {[Accessed: 24-May-2024]}
}

@misc{WolfspiritM2024,
author = {WolfspiritM},
title = {Protected environments don't work when using tags for deployment },
url = {https://github.com//orgs/community/discussions/62991},
year = {2024},
note = {[Accessed: 24-May-2024]}
}

@misc{DaanDeMeyer2024,
author = {DaanDeMeyer},
title = {Support saving environment variables between steps },
howpublished = {https://github.com//orgs/community/discussions/26407},
year = {2024},
note = {[Accessed: 24-May-2024]}
}
@misc{thibaultduponchelle2024,
author = {thibaultduponchelle},
title = {Crypto-mining attack in my github actions through pull request },
url = {https://github.com//orgs/community/discussions/25609},
year = {2024},
note = {[Accessed: 24-May-2024]}
}
@misc{maxnorth2024,
author = {maxnorth},
title = {[REQUEST]: Allow skipping environment approval on specific branches },
url = {https://github.com//orgs/community/discussions/112177},
year = {2024},
note = {[Accessed: 24-May-2024]}
}
@misc{annulen2024,
author = {annulen},
title = {Self-hosted runner security with public repositories},
url = {https://github.com//orgs/community/discussions/26722},
year = {2024},
note = {[Accessed: 24-May-2024]}
}
@misc{ryanvanderpol2024,
author = {ryanvanderpol},
title = {Is there a way to delete or hide old/renamed Workflows? },
url = {https://github.com//orgs/community/discussions/26256},
year = {2024},
note = {[Accessed: 24-May-2024]}
}
@misc{sinoru2024,
author = {sinoru},
title = {Xcode 11.2.1 Support},
url = {https://github.com//orgs/community/discussions/25552},
year = {2024},
note = {[Accessed: 24-May-2024]}
}


@misc{lukas-krecan2024,
author = {L. Krecan},
title = {409 conflict when publishing to Maven package registry},
url = {https://github.com//orgs/community/discussions/8021},
year = {2024},
note = {[Accessed: 24-May-2024]}
}

@misc{nbibler2024,
author = {nbibler},
title = {Missing Development Dependency Indicators for GitHub Registry Response for Ruby Packages },
url = {https://github.com//orgs/community/discussions/43861},
year = {2024},
note = {[Accessed: 24-May-2024]}
}

@misc{tuves2024,
author = {tuves},
title = {Requiring workflows with Repository Rules is generally available!},
url = {https://github.com//orgs/community/discussions/69595},
year = {2024},
note = {[Accessed: 24-May-2024]}
}

@misc{gvanrossum2024,
author = {gvanrossum},
title = {Ability to restart individual GitHub Actions CI builds},
url = {https://github.com//orgs/community/discussions/4278},
year = {2024},
note = {[Accessed: 24-May-2024]}
}

@misc{kxuenvoy2024,
author = {kxuenvoy},
title = {maven dependency cannot be resolved.},
url = {https://github.com//orgs/community/discussions/53262},
year = {2024},
note = {[Accessed: 24-May-2024]}
}

@misc{hugomg2024,
author = {hugomg},
title = {In a github actions workflow, is there a way to have multiple jobs reuse the same setup?},
url = {https://stackoverflow.com/questions/65242830/in-a-github-actions-workflow-is-there-a-way-to-have-multiple-jobs-reuse-the-sam},
year = {2024},
note = {[Accessed: 24-May-2024]}
}
@misc{hugomg22024,
author = {d4nyll and monofal},
title = {The unauthenticated git protocol on port 9418 is no longer supported},
url = {https://stackoverflow.com/questions/70663523/the-unauthenticated-git-protocol-on-port-9418-is-no-longer-supported},
year = {2024},
note = {[Accessed: 24-May-2024]}
}
